@article{vsuh2017designing,
  title={Designing a course and infrastructure for teaching software-defined networking},
  doi={10.1002/cae.21820},
  author={{\v{S}}uh, Jelena and Bojovi{\'c}, {\v{Z}}ivko and Despotovi{\'c}-Zraki{\'c}, Marijana and Bogdanovi{\'c}, Zorica and Labus, Aleksandra},
  journal={Computer Applications in Engineering Education},
  volume={25},
  number={4},
  pages={554--567},
  year={2017},
  publisher={Wiley Online Library}
}
@article{bromall2022comparison,
  title={Comparison of simulation and infrastructure-as-code training in IT courses.},
  doi={10.48009/2_iis_2022_119},
  author={Bromall, Natalya},
  journal={Issues in Information Systems},
  volume={23},
  number={2},
  year={2022}
}
@inproceedings{salib2018hands,
  title={Hands-on labs and tools for teaching software defined network (SDN) to undergraduates},
  doi={10.18260/1-2--30570},
  author={Salib, Emil H and Lester, John David},
  booktitle={2018 ASEE Annual Conference \& Exposition},
  year={2018}
}
@inproceedings{soll2023building,
  title={Building an IT Security Laboratory for Complex Teaching Scenarios Using ‘Infrastructure as Code’},
  doi={10.1109/EDUCON54358.2023.10125250},
  author={Soll, Marcus and Helmken, Hendrik and Belde, Michel and Schimpfhauser, Sebastian and Nguyen, Felix and Versick, Daniel},
  booktitle={2023 IEEE Global Engineering Education Conference (EDUCON)},
  pages={1--8},
  year={2023},
  organization={IEEE}
}
@inproceedings{cosgrove2016teaching,
  title={Teaching software defined networking: It's not just coding},
  doi={10.1109/TALE.2016.7851784},
  author={Cosgrove, Steve},
  booktitle={2016 IEEE International Conference on Teaching, Assessment, and Learning for Engineering (TALE)},
  pages={139--144},
  year={2016},
  organization={IEEE}
}
@misc{gns3api,
  title={GNS3 API documentation},
  url={https://api.gns3.net},
  howpublished={\url{https://api.gns3.net}}
}
@misc{gns3,
  title={GNS3},
  url={https://gns3.net},
  howpublished={\url{https://gns3.net}}
}
@misc{mininet,
  title={Mininet},
  url={https://mininet.org},
  howpublished={\url{https://mininet.org}}
}
